<record><leader>00000cas a22000007a 4500</leader><controlfield tag="001">11983568</controlfield><controlfield tag="008">850430d1905192uinuwr ne      0    0eng d</controlfield><datafield ind1=" " ind2=" " tag="010"><subfield code="a">sn 85047782 </subfield></datafield><datafield ind1=" " ind2=" " tag="040"><subfield code="a">NPI</subfield><subfield code="b">eng</subfield><subfield code="c">NPI</subfield><subfield code="d">OCLCQ</subfield></datafield><datafield ind1=" " ind2=" " tag="042"><subfield code="a">msc</subfield></datafield><datafield ind1="0" ind2="4" tag="245"><subfield code="a">The St. Paul telegram.</subfield></datafield><datafield ind1="3" ind2="0" tag="246"><subfield code="a">Saint Paul telegram</subfield></datafield><datafield ind1=" " ind2=" " tag="260"><subfield code="a">St. Paul, Ind. :</subfield><subfield code="b">F.P. James</subfield></datafield><datafield ind1=" " ind2=" " tag="300"><subfield code="a">v. :</subfield><subfield code="b">ill. ;</subfield><subfield code="c">40-57 cm.</subfield></datafield><datafield ind1=" " ind2=" " tag="310"><subfield code="a">Weekly</subfield></datafield><datafield ind1="1" ind2=" " tag="362"><subfield code="a">Began on Mar. 17, 1905; discontinued after 1921.</subfield></datafield><datafield ind1=" " ind2=" " tag="500"><subfield code="a">Publishers: Mar. 1905-Nov. 1909. Walter A. Kaler; Nov. 1909-&lt;1920&gt;, Ora C. Pearce; &lt;1920-1921&gt;, W.S. Moe; &lt;1921&gt;, F.P. James.</subfield></datafield><datafield ind1=" " ind2=" " tag="588"><subfield code="a">Description based on: Vol. 9, no. 2 (Mar. 27, 1913).</subfield></datafield><datafield ind1=" " ind2=" " tag="752"><subfield code="a">United States</subfield><subfield code="b">Indiana</subfield><subfield code="c">Decatur</subfield><subfield code="d">Saint Paul.</subfield></datafield></record>